@article{Abril:2007:PHD:1188913.1188915,
    author = {Abril, Patricia S. and Plant, Robert},
    title = {The Patent Holder's Dilemma: Buy, Sell, or Troll?},
    journal = {Commun. ACM},
    issue_date = {January 2007},
    volume = {50},
    number = {1},
    month = jan,
    year = {2007},
    issn = {0001-0782},
    pages = {36--44},
    numpages = {9},
    url = {https://doi.org/10.1145/1188913.1188915},
    doi = {10.1145/1188913.1188915},
    acmid = {1188915},
    publisher = {ACM},
    address = {New York, NY, USA},
}
