@inproceedings{liu2017,
    title={Evolving game skill-depth using general video game {AI} agents},
	author={Liu, Jialin and Togelius, Julian and P{\'e}rez-Li{\'e}bana, Diego
		and Lucas, Simon M},
    booktitle={2017 {IEEE} Congress on Evolutionary Computation {CEC}},
    pages={2299--2307},
    year={2017},
    organization={IEEE}
}

@article{pell1992,
    title={Metagame in symmetric chess-like games},
    author={Pell, Barney},
    year={1992},
    publisher={University of Cambridge Computer Laboratory}
}

@inproceedings{emilio2010,
	title={Pac-mAnt: Optimization based on ant colonies applied to developing an
		agent for Ms. Pac-Man},
	author={Emilio, Martin and Moises, Martinez and Gustavo, Recio and Yago,
		Saez},
	booktitle={Proceedings of the 2010 IEEE Conference on Computational
		Intelligence and Games},
	pages={458--464},
	year={2010},
	organization={IEEE}
}

@inproceedings{jain2016autoencoders,
  title={Autoencoders for level generation, repair, and recognition},
  author={Jain, Rishabh and Isaksen, Aaron and Holmg{\aa}rd, Christoffer and
	  Togelius, Julian},
  booktitle={Proceedings of the ICCC Workshop on Computational Creativity and
	  Games},
  year={2016}
}

@article{van2013procedural,
  title={Procedural generation of dungeons},
  author={Van Der Linden, Roland and Lopes, Ricardo and Bidarra, Rafael},
  journal={IEEE Transactions on Computational Intelligence and AI in Games},
  volume={6},
  number={1},
  pages={78--89},
  year={2013},
  publisher={IEEE}
}

@incollection{shaker2016constructive,
  title={Constructive generation methods for dungeons and levels},
  author={Shaker, Noor and Liapis, Antonios and Togelius, Julian and Lopes,
	  Ricardo and Bidarra, Rafael},
  booktitle={Procedural Content Generation in Games},
  pages={31--55},
  year={2016},
  publisher={Springer}
}

@inproceedings{smith2009rhythm,
  title={Rhythm-based level generation for 2D platformers},
  author={Smith, Gillian and Treanor, Mike and Whitehead, Jim and Mateas,
	  Michael},
  booktitle={Proceedings of the 4th International Conference on Foundations of
	  Digital Games},
  pages={175--182},
  year={2009},
  organization={ACM}
}

@inproceedings{dewsbury2016scalable,
  title={Scalable level generation for 2d platforming games},
  author={Dewsbury, Neall and Nunn, Aimie and Syrett, Matthew and Tatum, James
	  and Thompson, Tommy},
  booktitle={Proceedings of the FDG Workshop on Procedural Content Generation},
  year={2016}
}

@inproceedings{bizopoulos2014randomly,
  title={Randomly generated realistic vessel geometry using spline interpolation
	  and 2D Perlin noise},
  author={Bizopoulos, Paschalis A and Sakellarios, Antonis I and Koutsouris,
	  Dimitrios D and Iliopoulou, Dimitra and Michalis, Lampros K and Fotiadis,
	  Dimitrios I},
  booktitle={IEEE-EMBS International Conference on Biomedical and Health
	  Informatics (BHI)},
  pages={157--160},
  year={2014},
  organization={IEEE}
}
